% Encoding: UTF-8

@book{magalhaes2002nocoes,
  title     = {No{\c{c}}{\~o}es de probabilidade e estat{\'\i}stica},
  author    = {Magalh{\~a}es, Marcos Nascimento and de Lima, Antonio Carlos Pedroso},
  volume    = {5},
  year      = {2002},
  publisher = {Editora da Universidade de S{\~a}o Paulo}
}

